@article{mikolov2013distributed,
  title={Distributed representations of words and phrases and their compositionality},
  author={Mikolov, Tomas and Sutskever, Ilya and Chen, Kai and Corrado, Greg S and Dean, Jeff},
  journal={Advances in neural information processing systems},
  volume={26},
  year={2013}
}

@article{bojanowski2017enriching,
  title={Enriching word vectors with subword information},
  author={Bojanowski, Piotr and Grave, Edouard and Joulin, Armand and Mikolov, Tomas},
  journal={Transactions of the Association for Computational Linguistics},
  volume={5},
  pages={135--146},
  year={2017}
}

@article{zeyreklem,
  title={Zemberek-NLP: An Open Source NLP Framework for Turkic Languages},
  author={Akin, Ahmet and Akin, Mehmet},
  year={2007},
  url={https://github.com/ahmetaa/zemberek-nlp}
}

@misc{deepseek2024,
  title     = {DeepSeek LLMs},
  author    = {DeepSeek Team},
  year      = {2024},
  url       = {https://github.com/deepseek-ai/DeepSeek-LLM}
}

@misc{qt_embeddings,
  title={qt-embeddings: Крымскотатарские эмбеддинги слов},
  author={Nikita Peganov},
  year={2024},
  note={\url{https://github.com/NikPeg/qt-embeddings}}
}

@misc{qirimtatar_crawlers,
  title={Qirimtatar Embedding Crawlers},
  author={Nikita Peganov},
  year={2024},
  note={\url{https://github.com/NikPeg/qirimtatar-embedding-crawlers}}
}

@misc{turkishlemmatizer,
  title = {Turkish-Lemmatizer},
  author = {Koksal, Ahmet},
  year = {2015},
  howpublished = {\url{https://github.com/akoksal/Turkish-Lemmatizer}}
}

@inproceedings{grave2018learning,
  title={Learning word vectors for 157 languages},
  author={Grave, Edouard and Bojanowski, Piotr and Gupta, Prakhar and Joulin, Armand and Mikolov, Tomas},
  booktitle={Proceedings of the International Conference on Language Resources and Evaluation (LREC)},
  year={2018}
}